<record xmlns="http://www.loc.gov/MARC21/slim" xmlns:xsi="http://www.w3.org/2001/XMLSchema-instance" xsi:schemaLocation="http://www.loc.gov/MARC21/slim http://www.loc.gov/standards/marcxml/schema/MARC21slim.xsd">

  <leader>00575nam a2200157Ia 4500</leader>
  <controlfield tag="008">150812b1995    sp ||||| |||| 00| | spa d</controlfield>
  <datafield ind2=" " ind1=" " tag="020">
    <subfield code="a">8432308641</subfield>
  </datafield>
  <datafield tag="090" ind2=" " ind1=" ">
    <subfield code="a">06.01.01 </subfield>
    <subfield code="b">1806</subfield>
  </datafield>
  <datafield ind2=" " ind1="1" tag="100">
    <subfield code="a">Fernández Berrocal, Pablo </subfield>
    <subfield code="9">798</subfield>
  </datafield>
  <datafield tag="245" ind1="1" ind2="3">
    <subfield code="a">La interacción social en contextos educativos / </subfield>
    <subfield code="c">Pablo Fernández Berrocal y María Ángeles Melero Zabal (comps.)</subfield>
  </datafield>
  <datafield ind2=" " ind1=" " tag="260">
    <subfield code="a">España : </subfield>
    <subfield code="b">Siglo Veintiuno de España Editores, S.A, </subfield>
    <subfield code="c">1995</subfield>
  </datafield>
  <datafield ind2=" " ind1=" " tag="300">
    <subfield code="a">411 páginas</subfield>
  </datafield>
  <datafield ind2="0" ind1=" " tag="650">
    <subfield code="a">PSICOLOGÍA DE LA EDUCACIÓN</subfield>
    <subfield code="9">625</subfield>
  </datafield>
  <datafield ind2=" " ind1="1" tag="700">
    <subfield code="9">799</subfield>
    <subfield code="a">Melero Zabal, María Ángeles </subfield>
  </datafield>
  <datafield ind1=" " ind2=" " tag="942">
    <subfield code="2">z</subfield>
    <subfield code="c">01</subfield>
  </datafield>
  <datafield tag="999" ind2=" " ind1=" ">
    <subfield code="c">177</subfield>
    <subfield code="d">177</subfield>
  </datafield>
</record>